<record><leader>01874cam a2200505 i 4500</leader><controlfield tag="001">6855776</controlfield><controlfield tag="003">OCoLC</controlfield><controlfield tag="005">20150306232836.0</controlfield><controlfield tag="006">m     o  d        </controlfield><controlfield tag="007">cr cnu---unuuu</controlfield><controlfield tag="008">150223s2015    enk     ob    001 0 eng d</controlfield><datafield ind1=" " ind2=" " tag="020"><subfield code="a">9781118745977</subfield><subfield code="q">electronic bk.</subfield></datafield><datafield ind1=" " ind2=" " tag="020"><subfield code="a">1118745973</subfield><subfield code="q">electronic bk.</subfield></datafield><datafield ind1=" " ind2=" " tag="020"><subfield code="a">9781118745960</subfield><subfield code="q">electronic bk.</subfield></datafield><datafield ind1=" " ind2=" " tag="020"><subfield code="a">1118745965</subfield><subfield code="q">electronic bk.</subfield></datafield><datafield ind1=" " ind2=" " tag="020"><subfield code="z">9781118745984</subfield></datafield><datafield ind1=" " ind2=" " tag="035"><subfield code="a">ocn903899781</subfield></datafield><datafield ind1=" " ind2=" " tag="039"><subfield code="a">exclude</subfield></datafield><datafield ind1=" " ind2=" " tag="040"><subfield code="a">N$T</subfield><subfield code="b">eng</subfield><subfield code="e">rda</subfield><subfield code="e">pn</subfield><subfield code="c">N$T</subfield><subfield code="d">N$T</subfield><subfield code="d">DG1</subfield><subfield code="d">AEU</subfield></datafield><datafield ind1=" " ind2="4" tag="050"><subfield code="a">GN69.8</subfield></datafield><datafield ind1=" " ind2="7" tag="072"><subfield code="a">MED</subfield><subfield code="x">030000</subfield><subfield code="2">bisacsh</subfield></datafield><datafield ind1=" " ind2="7" tag="072"><subfield code="a">MED</subfield><subfield code="x">076000</subfield><subfield code="2">bisacsh</subfield></datafield><datafield ind1=" " ind2="7" tag="072"><subfield code="a">MED</subfield><subfield code="x">078000</subfield><subfield code="2">bisacsh</subfield></datafield><datafield ind1="0" ind2="4" tag="082"><subfield code="a">614/.17</subfield><subfield code="2">23</subfield></datafield><datafield ind1=" " ind2=" " tag="090"><subfield code="a">Internet Access</subfield><subfield code="b">AEU</subfield></datafield><datafield ind1="0" ind2="0" tag="245"><subfield code="a">Forensic archaeology :</subfield><subfield code="b">a global perspective /</subfield><subfield code="c">edited by W.J. Mike Groen, Nicholas M&#225;rquez-Grant and Robert C. Janaway.</subfield></datafield><datafield ind1=" " ind2="1" tag="264"><subfield code="a">Chichester, West Sussex ;</subfield><subfield code="a">Hoboken, NJ :</subfield><subfield code="b">John Wiley &amp; Sons, Ltd,</subfield><subfield code="c">2015.</subfield></datafield><datafield ind1=" " ind2=" " tag="300"><subfield code="a">1 online resource.</subfield></datafield><datafield ind1=" " ind2=" " tag="336"><subfield code="a">text</subfield><subfield code="b">txt</subfield><subfield code="2">rdacontent</subfield></datafield><datafield ind1=" " ind2=" " tag="337"><subfield code="a">computer</subfield><subfield code="b">c</subfield><subfield code="2">rdamedia</subfield></datafield><datafield ind1=" " ind2=" " tag="338"><subfield code="a">online resource</subfield><subfield code="b">cr</subfield><subfield code="2">rdacarrier</subfield></datafield><datafield ind1=" " ind2=" " tag="504"><subfield code="a">Includes bibliographical references and index.</subfield></datafield><datafield ind1=" " ind2=" " tag="506"><subfield code="a">Access restricted to authorized users and institutions.</subfield></datafield><datafield ind1="0" ind2=" " tag="588"><subfield code="a">Vendor-supplied metadata.</subfield></datafield><datafield ind1=" " ind2=" " tag="596"><subfield code="a">44</subfield></datafield><datafield ind1=" " ind2="0" tag="650"><subfield code="a">Forensic archaeology.</subfield></datafield><datafield ind1=" " ind2="0" tag="650"><subfield code="a">Forensic anthropology.</subfield></datafield><datafield ind1=" " ind2="0" tag="650"><subfield code="a">Human remains (Archaeology)</subfield></datafield><datafield ind1=" " ind2="0" tag="650"><subfield code="a">Criminal investigation.</subfield></datafield><datafield ind1="1" ind2=" " tag="700"><subfield code="a">Groen, W. J. Mike,</subfield><subfield code="e">editor.</subfield></datafield><datafield ind1="1" ind2=" " tag="700"><subfield code="a">M&#225;rquez-Grant, Nicholas,</subfield><subfield code="d">1976-</subfield><subfield code="e">editor.</subfield></datafield><datafield ind1="1" ind2=" " tag="700"><subfield code="a">Janaway, Robert C.,</subfield><subfield code="e">editor.</subfield></datafield><datafield ind1="4" ind2="0" tag="856"><subfield code="3">University of Alberta Access</subfield><subfield code="u">http://dx.doi.org/10.1002/9781118745977</subfield><subfield code="z">(Unlimited Concurrent Users)</subfield></datafield><datafield ind1=" " ind2=" " tag="949"><subfield code="h">UAIN</subfield><subfield code="z">WILEYOL</subfield></datafield><datafield ind1=" " ind2=" " tag="926"><subfield code="a">Internet Access</subfield><subfield code="w">LC</subfield><subfield code="c">1</subfield><subfield code="i">6855776-1001</subfield><subfield code="l">INTERNET</subfield><subfield code="m">UAINTERNET</subfield><subfield code="r">Y</subfield><subfield code="s">Y</subfield><subfield code="t">E-RESOURCE</subfield><subfield code="u">3/9/2015</subfield><subfield code="x">E-BOOK</subfield><subfield code="z">WILEYOL</subfield></datafield></record>